@misc{RFC1350,
  title = {{RFC 1350} - The TFTP protocol},
  howpublished = {\url{https://tools.ietf.org/html/rfc1350}},
  note = {Accessed: 02-03-2017}
}